<record    xmlns:xsi="http://www.w3.org/2001/XMLSchema-instance"    xsi:schemaLocation="http://www.loc.gov/MARC21/slim http://www.loc.gov/standards/marcxml/schema/MARC21slim.xsd"    xmlns="http://www.loc.gov/MARC21/slim"><leader>01426nam a2200349 a 4500</leader><controlfield tag="001">2</controlfield><controlfield tag="003">CONS</controlfield><controlfield tag="005">20260124000000.0</controlfield><controlfield tag="008">000000s2000    xxu           000 1 eng  </controlfield><datafield tag="020" ind1=" " ind2=" "><subfield code="a">9780439139601</subfield></datafield><datafield tag="035" ind1=" " ind2=" "><subfield code="a">(StacksOS)stacksos-hp4</subfield></datafield><datafield tag="100" ind1="1" ind2=" "><subfield code="a">Rowling, J. K.</subfield></datafield><datafield tag="245" ind1="1" ind2="0"><subfield code="a">Harry Potter and the Goblet of Fire</subfield></datafield><datafield tag="260" ind1=" " ind2=" "><subfield code="a">New York :</subfield><subfield code="b">Scholastic,</subfield><subfield code="c">2000.</subfield></datafield><datafield tag="901" ind1=" " ind2=" "><subfield code="a">2</subfield><subfield code="b">StacksOS</subfield><subfield code="c">2</subfield><subfield code="t">biblio</subfield><subfield code="s">oclc</subfield></datafield></record>